@string{IROS    		= "Proc. {IEEE/RSJ} Intl Conf. on Intelligent Robots and Systems ({IROS})"}
@string{ICRA    		= "Proc. {IEEE} Intl Conf. on Robotics and Automation ({ICRA})"}
@string{HUMANOIDS  = "Proc. {IEEE} Intl Conf. on Humanoid Robots ({H}umanoids)"}
@string{ROMAN 			= "Proc. {IEEE} Intl Symp. on Robot and Human Interactive Communication ({Ro-Man})"}
@string{HRI				= "Proc. {ACM/IEEE} Intl Conf. on Human-Robot Interaction ({HRI})"}
@string{ICML				= "Proc. Intl Conf. on Machine Learning ({ICML})"}
@string{SIGGRAPH 	= "Proc. {ACM} Intl Conf. on Computer graphics and Interactive Techniques ({SIGGRAPH})"}
@string{RSS				= "Proc. Robotics: Science and Systems ({R:SS})"}
@string{AAAI				= "Proc. {AAAI} Conference on Artificial Intelligence"}
@string{NIPS				= "Advances in Neural Information Processing Systems ({NIPS})"}
@string{CASE  = "Proc. {IEEE} Intl Conf. on Automation Science and Engineering ({CASE})"}
@String{ijrr = "Intl Journal of Robotics Research"}
@String{ras = "Robotics and Autonomous Systems"}
@String{ral = "{IEEE} Robotics and Automation Letters ({RA-L})"}

@inproceedings{Tassa2012,
  title={Synthesis and stabilization of complex behaviors through online trajectory optimization},
  author={Tassa, Yuval and Erez, Tom and Todorov, Emanuel},
  booktitle=iros,
  pages={4906--4913},
  year={2012}
}


@inproceedings{Mastalli,
  author={Mastalli, C. and  Budhiraja, R. and Merkt, W. and Saurel, G. and Hammoud, B. and Naveau, M. and Carpentier, J. and Righetti, L. and Vijayakumar, S. and Mansard, N.},
  title={\href{https://cmastalli.github.io/publications/crocoddyl20unpub.html}{Crocoddyl: An Efficient and Versatile Framework for Multi-Contact Optimal Control}},
  booktitle = icra,
  year={2020}
}